@book{fowler2018refactoring,
	title={Refactoring: improving the design of existing code},
	author={Fowler, Martin},
	year={2018},
	publisher={Addison-Wesley Professional}
}

@misc{boa,
	title        = {BOA Language and Infrastructure},
	author       = {Iowa State University},
	note         = {\url{https://boa.cs.iastate.edu/} [Accessed: March 13th 2025]}
}